<?xml version="1.0" encoding="UTF-8"?><collection xmlns="http://www.loc.gov/MARC21/slim"><record><leader>00453nam--2200181-i-4500</leader><controlfield tag="001">000039169</controlfield><controlfield tag="002">20161230</controlfield><controlfield tag="005">20161230201042</controlfield><controlfield tag="008">060222s1000------------r-----000-0-rus-d</controlfield><datafield ind1=" " ind2=" " tag="040"><subfield code="a">IFIN-HH</subfield></datafield><datafield ind1=" " ind2=" " tag="041"><subfield code="a">rus</subfield></datafield><datafield ind1=" " ind2=" " tag="080"><subfield code="a">530.162</subfield></datafield><datafield ind1="1" ind2=" " tag="100"><subfield code="a">Obediekov, V.A</subfield></datafield><datafield ind1="1" ind2="0" tag="245"><subfield code="a">Laboratornii praktikum po stroitelnoi fizike</subfield><subfield code="c">V.a. obediekov</subfield></datafield><datafield ind1=" " ind2=" " tag="260"><subfield code="a">Moskva</subfield><subfield code="b">Visaia Skola</subfield><subfield code="c">1979</subfield></datafield><datafield ind1=" " ind2=" " tag="300"><subfield code="a">220P</subfield></datafield><datafield ind1=" " ind2=" " tag="852"><subfield code="a">48304</subfield><subfield code="c">53</subfield></datafield><datafield ind1=" " ind2=" " tag="CAT"><subfield code="a">Sys</subfield><subfield code="c">20150327</subfield><subfield code="h">111444</subfield></datafield></record></collection>